
@ARTICLE{V09,
   author = {{Vegetti}, S. and {Koopmans}, L.~V.~E.},
    title = "{Bayesian strong gravitational-lens modelling on adaptive grids: objective detection of mass substructure in Galaxies}",
  journal = {\mnras},
archivePrefix = "arXiv",
   eprint = {0805.0201},
 keywords = {gravitational lensing , galaxies: haloes , galaxies: structure , dark matter},
     year = 2009,
    month = jan,
   volume = 392,
    pages = {945-963},
      doi = {10.1111/j.1365-2966.2008.14005.x},
   adsurl = {http://adsabs.harvard.edu/abs/2009MNRAS.392..945V},
  adsnote = {Provided by the SAO/NASA Astrophysics Data System}
}

@ARTICLE{V14a,
   author = {{Vegetti}, S. and {Koopmans}, L.~V.~E. and {Auger}, M.~W. and 
	{Treu}, T. and {Bolton}, A.~S.},
    title = "{Inference of the cold dark matter substructure mass function at z = 0.2 using strong gravitational lenses}",
  journal = {\mnras},
archivePrefix = "arXiv",
   eprint = {1405.3666},
 keywords = {galaxies: structure},
     year = 2014,
    month = aug,
   volume = 442,
    pages = {2017-2035},
      doi = {10.1093/mnras/stu943},
   adsurl = {http://adsabs.harvard.edu/abs/2014MNRAS.442.2017V},
  adsnote = {Provided by the SAO/NASA Astrophysics Data System}
}

@ARTICLE{Auger_EELS1,
   author = {{Auger}, M.~W. and {Treu}, T. and {Brewer}, B.~J. and {Marshall}, P.~J.
	},
    title = "{A compact early-type galaxy at z= 0.6 under a magnifying lens: evidence for inside-out growth}",
  journal = {\mnras},
archivePrefix = "arXiv",
   eprint = {1011.0993},
 primaryClass = "astro-ph.CO",
 keywords = {galaxies: elliptical and lenticular, cD},
     year = 2011,
    month = feb,
   volume = 411,
    pages = {L6-L10},
      doi = {10.1111/j.1745-3933.2010.00980.x},
   adsurl = {http://adsabs.harvard.edu/abs/2011MNRAS.411L...6A},
  adsnote = {Provided by the SAO/NASA Astrophysics Data System}
}

